<?xml version="1.0" encoding="UTF-8"?>
<marc:record xmlns:marc="http://www.loc.gov/MARC21/slim" xmlns:xsi="http://www.w3.org/2001/XMLSchema-instance" xsi:schemaLocation="http://www.loc.gov/standards/marcxml/schema/MARC21slim.xsd">
  <marc:leader>00000ndd a2200000 u 4500</marc:leader>
  <marc:controlfield tag="001">1001148310</marc:controlfield>
  <marc:controlfield tag="003">DE-633</marc:controlfield>
  <marc:controlfield tag="005">20210923120944.0</marc:controlfield>
  <marc:controlfield tag="008">210227##################################</marc:controlfield>
  <marc:datafield tag="031" ind1=" " ind2=" ">
    <marc:subfield code="a">1</marc:subfield>
    <marc:subfield code="b">1</marc:subfield>
    <marc:subfield code="c">1</marc:subfield>
    <marc:subfield code="g">C-3</marc:subfield>
    <marc:subfield code="m">A coro</marc:subfield>
    <marc:subfield code="n">xF</marc:subfield>
    <marc:subfield code="o">3/2</marc:subfield>
    <marc:subfield code="p">2ExGG1A2G1.A4A2EGA</marc:subfield>
    <marc:subfield code="r">e</marc:subfield>
    <marc:subfield code="t">Regi nitentis syderis Christo</marc:subfield>
    <marc:subfield code="2">pe</marc:subfield>
  </marc:datafield>
  <marc:datafield tag="031" ind1=" " ind2=" ">
    <marc:subfield code="a">1</marc:subfield>
    <marc:subfield code="b">1</marc:subfield>
    <marc:subfield code="c">2</marc:subfield>
    <marc:subfield code="g">C-1</marc:subfield>
    <marc:subfield code="m">T1 coro</marc:subfield>
    <marc:subfield code="n">xF</marc:subfield>
    <marc:subfield code="o">3/2</marc:subfield>
    <marc:subfield code="p">2BGB1''C2,'B1.A4A2G''E,'A</marc:subfield>
    <marc:subfield code="r">e</marc:subfield>
    <marc:subfield code="t">Regi nitentis syderis Christo</marc:subfield>
    <marc:subfield code="2">pe</marc:subfield>
  </marc:datafield>
  <marc:datafield tag="031" ind1=" " ind2=" ">
    <marc:subfield code="a">1</marc:subfield>
    <marc:subfield code="b">1</marc:subfield>
    <marc:subfield code="c">3</marc:subfield>
    <marc:subfield code="g">C-4</marc:subfield>
    <marc:subfield code="m">T2 coro</marc:subfield>
    <marc:subfield code="n">xF</marc:subfield>
    <marc:subfield code="o">3/2</marc:subfield>
    <marc:subfield code="p">2,BB'E8{C,B'CD}2E2.E4D</marc:subfield>
    <marc:subfield code="r">e</marc:subfield>
    <marc:subfield code="t">Regi nitentis syderis Christo</marc:subfield>
    <marc:subfield code="2">pe</marc:subfield>
  </marc:datafield>
  <marc:datafield tag="031" ind1=" " ind2=" ">
    <marc:subfield code="a">1</marc:subfield>
    <marc:subfield code="b">1</marc:subfield>
    <marc:subfield code="c">4</marc:subfield>
    <marc:subfield code="g">F-4</marc:subfield>
    <marc:subfield code="m">B coro</marc:subfield>
    <marc:subfield code="n">xF</marc:subfield>
    <marc:subfield code="o">3/2</marc:subfield>
    <marc:subfield code="p">2,E2.E4E1AE2.xF4F2E</marc:subfield>
    <marc:subfield code="r">c</marc:subfield>
    <marc:subfield code="t">Regi nitentis syderis Christo</marc:subfield>
    <marc:subfield code="2">pe</marc:subfield>
  </marc:datafield>
  <marc:datafield tag="040" ind1=" " ind2=" ">
    <marc:subfield code="a">DE-633</marc:subfield>
  </marc:datafield>
  <marc:datafield tag="041" ind1="0" ind2=" ">
    <marc:subfield code="a">lat</marc:subfield>
  </marc:datafield>
  <marc:datafield tag="100" ind1="1" ind2=" ">
    <marc:subfield code="a">Anonymus</marc:subfield>
    <marc:subfield code="0">pe30004985</marc:subfield>
  </marc:datafield>
  <marc:datafield tag="240" ind1="1" ind2="0">
    <marc:subfield code="a">Regi nitentis syderis Christo</marc:subfield>
    <marc:subfield code="m">Coro: A, T1, T2, B</marc:subfield>
    <marc:subfield code="r">c</marc:subfield>
    <marc:subfield code="0">50247426</marc:subfield>
  </marc:datafield>
  <marc:datafield tag="245" ind1="1" ind2="0">
    <marc:subfield code="a">[without title]</marc:subfield>
  </marc:datafield>
  <marc:datafield tag="260" ind1=" " ind2=" ">
    <marc:subfield code="c">[1600-1750]</marc:subfield>
    <marc:subfield code="8">01</marc:subfield>
  </marc:datafield>
  <marc:datafield tag="300" ind1=" " ind2=" ">
    <marc:subfield code="a">4 parts</marc:subfield>
    <marc:subfield code="c">21 x 16.5 cm</marc:subfield>
    <marc:subfield code="8">01</marc:subfield>
  </marc:datafield>
  <marc:datafield tag="500" ind1=" " ind2=" ">
    <marc:subfield code="a">[pl text: na końcu utworu, w partii głosowej T1, pojawia się napis: "De S. Barbara V. et M."]</marc:subfield>
    <marc:subfield code="8">01</marc:subfield>
  </marc:datafield>
  <marc:datafield tag="500" ind1=" " ind2=" ">
    <marc:subfield code="a">[pl text: na końcu utworu, w partii głosowej B, pojawia się napis: "De S. Barbara V. et M."]</marc:subfield>
    <marc:subfield code="8">01</marc:subfield>
  </marc:datafield>
  <marc:datafield tag="590" ind1=" " ind2=" ">
    <marc:subfield code="a">Coro: A, T1, T2, B</marc:subfield>
    <marc:subfield code="b">2, 2, 2, 2 f.</marc:subfield>
    <marc:subfield code="8">01</marc:subfield>
  </marc:datafield>
  <marc:datafield tag="593" ind1=" " ind2=" ">
    <marc:subfield code="a">Manuscript copy</marc:subfield>
    <marc:subfield code="8">01</marc:subfield>
  </marc:datafield>
  <marc:datafield tag="594" ind1=" " ind2=" ">
    <marc:subfield code="b">Coro: A</marc:subfield>
    <marc:subfield code="c">1</marc:subfield>
  </marc:datafield>
  <marc:datafield tag="594" ind1=" " ind2=" ">
    <marc:subfield code="b">Coro: T1</marc:subfield>
    <marc:subfield code="c">1</marc:subfield>
  </marc:datafield>
  <marc:datafield tag="594" ind1=" " ind2=" ">
    <marc:subfield code="b">Coro: T2</marc:subfield>
    <marc:subfield code="c">1</marc:subfield>
  </marc:datafield>
  <marc:datafield tag="594" ind1=" " ind2=" ">
    <marc:subfield code="b">Coro: B</marc:subfield>
    <marc:subfield code="c">1</marc:subfield>
  </marc:datafield>
  <marc:datafield tag="594" ind1=" " ind2=" ">
    <marc:subfield code="a">Coro: A, Coro: T1, Coro: T2, Coro: B</marc:subfield>
  </marc:datafield>
  <marc:datafield tag="599" ind1=" " ind2=" ">
    <marc:subfield code="b">full</marc:subfield>
  </marc:datafield>
  <marc:datafield tag="650" ind1="0" ind2="7">
    <marc:subfield code="a">Hymns</marc:subfield>
    <marc:subfield code="0">25238</marc:subfield>
  </marc:datafield>
  <marc:datafield tag="773" ind1="1" ind2="8">
    <marc:subfield code="w">1001148105</marc:subfield>
  </marc:datafield>
  <marc:datafield tag="852" ind1=" " ind2=" ">
    <marc:subfield code="a">PL-Kk</marc:subfield>
    <marc:subfield code="e">Archiwum i Biblioteka Krakowskiej Kapituły Katedralnej</marc:subfield>
    <marc:subfield code="x">ks30002080</marc:subfield>
    <marc:subfield code="c">Kk.I.8</marc:subfield>
    <marc:subfield code="p"/>
    <marc:subfield code="q"/>
    <marc:subfield code="u"/>
    <marc:subfield code="z"/>
  </marc:datafield>
  <marc:datafield tag="980" ind1=" " ind2=" ">
    <marc:subfield code="a">RISM</marc:subfield>
    <marc:subfield code="c">examined</marc:subfield>
  </marc:datafield>
</marc:record>
